@inproceedings{michelogiannakis2019bandwidth,
  title={Bandwidth steering in HPC using silicon nanophotonics},
  author={Michelogiannakis, George and Shen, Yiwen and Teh, Min Yee and Meng, Xiang and Aivazi, Benjamin and Groves, Taylor and Shalf, John and Glick, Madeleine and Ghobadi, Manya and Dennison, Larry and others},
  booktitle={Proceedings of the International Conference for High Performance Computing, Networking, Storage and Analysis},
  pages={1--25},
  year={2019}
}

@inproceedings{bergman2018empowering,
  title={Empowering Flexible and Scalable High Performance Architectures with Embedded Photonics.},
  author={Bergman, Keren},
  booktitle={IPDPS},
  pages={378},
  year={2018}
}

@article{de2022,
  title={Noise in the clouds: Influence of network performance variability on application scalability},
  author={De Sensi, Daniele and De Matteis, Tiziano and Taranov, Konstantin and Di Girolamo, Salvatore and Rahn, Tobias and Hoefler, Torsten},
  journal={Proceedings of the ACM on Measurement and Analysis of Computing Systems},
  volume={6},
  number={3},
  pages={1--27},
  year={2022},
  publisher={ACM New York, NY, USA}
}

@inproceedings{alalmaei2020sdn,
  title={SDN heading north: Towards a declarative intent-based northbound interface},
  author={Alalmaei, Shiyam and Elkhatib, Yehia and Bezahaf, Mehdi and Broadbent, Matthew and Race, Nicholas},
  booktitle={2020 16th International Conference on Network and Service Management (CNSM)},
  pages={1--5},
  year={2020},
  organization={IEEE}
}

@misc{quartz,
author = {LLNL},
title = {Quartz},
year = {2020},
howpublished = "\url{https://hpc.llnl.gov/hardware/platforms/Quartz}"}

@article{kreutz2014software,
  title={Software-defined networking: A comprehensive survey},
  author={Kreutz, Diego and Ramos, Fernando MV and Verissimo, Paulo Esteves and Rothenberg, Christian Esteve and Azodolmolky, Siamak and Uhlig, Steve},
  journal={Proceedings of the IEEE},
  volume={103},
  number={1},
  pages={14--76},
  year={2014},
  publisher={Ieee}
}

@article{tr2016sdn,
  title={SDN architecture},
  author={Tr, ONF},
  year={2016},
  publisher={Open Networking Foundation, Menlo Park, USA}
}

@inproceedings{he2016firebird,
  title={Firebird: Network-aware task scheduling for spark using sdns},
  author={He, Xin and Shenoy, Prashant},
  booktitle={2016 25th International Conference on Computer Communication and Networks (ICCCN)},
  pages={1--10},
  year={2016},
  organization={IEEE}
}

@inproceedings{al2010hedera,
  title={Hedera: dynamic flow scheduling for data center networks.},
  author={Al-Fares, Mohammad and Radhakrishnan, Sivasankar and Raghavan, Barath and Huang, Nelson and Vahdat, Amin and others},
  booktitle={Nsdi},
  volume={10},
  number={8},
  pages={89--92},
  year={2010},
  organization={San Jose, USA}
}

@inproceedings{faraj2002communication,
  title={Communication characteristics in the NAS parallel benchmarks},
  author={Faraj, Ahmad and Yuan, Xin},
  booktitle={IASTED PDCS},
  pages={724--729},
  year={2002}
}

@inproceedings{hong2013achieving,
  title={Achieving high utilization with software-driven WAN},
  author={Hong, Chi-Yao and Kandula, Srikanth and Mahajan, Ratul and Zhang, Ming and Gill, Vijay and Nanduri, Mohan and Wattenhofer, Roger},
  booktitle={Proceedings of the ACM SIGCOMM 2013 Conference on SIGCOMM},
  pages={15--26},
  year={2013}
}

@article{al2008scalable,
  title={A scalable, commodity data center network architecture},
  author={Al-Fares, Mohammad and Loukissas, Alexander and Vahdat, Amin},
  journal={ACM SIGCOMM computer communication review},
  volume={38},
  number={4},
  pages={63--74},
  year={2008},
  publisher={ACM New York, NY, USA}
}

@article{leiserson1985fat,
  title={Fat-trees: universal networks for hardware-efficient supercomputing},
  author={Leiserson, Charles E},
  journal={IEEE transactions on Computers},
  volume={100},
  number={10},
  pages={892--901},
  year={1985},
  publisher={IEEE}
}

@inproceedings{jain2017predicting,
  title={Predicting the performance impact of different fat-tree configurations},
  author={Jain, Nikhil and Bhatele, Abhinav and Howell, Louis H and B{\"o}hme, David and Karlin, Ian and Le{\'o}n, Edgar A and Mubarak, Misbah and Wolfe, Noah and Gamblin, Todd and Leininger, Matthew L},
  booktitle={Proceedings of the International Conference for High Performance Computing, Networking, Storage and Analysis},
  pages={1--13},
  year={2017}
}

@article{fujimoto1990parallel,
  title={Parallel discrete event simulation},
  author={Fujimoto, Richard M},
  journal={Communications of the ACM},
  volume={33},
  number={10},
  pages={30--53},
  year={1990},
  publisher={ACM New York, NY, USA}
}

@article{mubarak2016enabling,
  title={Enabling parallel simulation of large-scale HPC network systems},
  author={Mubarak, Misbah and Carothers, Christopher D and Ross, Robert B and Carns, Philip},
  journal={IEEE Transactions on Parallel and Distributed Systems},
  volume={28},
  number={1},
  pages={87--100},
  year={2016},
  publisher={IEEE}
}

@inproceedings{jain2016evaluating,
  title={Evaluating HPC networks via simulation of parallel workloads},
  author={Jain, Nikhil and Bhatele, Abhinav and White, Sam and Gamblin, Todd and Kale, Laxmikant V},
  booktitle={SC'16: Proceedings of the International Conference for High Performance Computing, Networking, Storage and Analysis},
  pages={154--165},
  year={2016},
  organization={IEEE}
}

@article{benzekki2016software,
  title={Software-defined networking (SDN): a survey},
  author={Benzekki, Kamal and El Fergougui, Abdeslam and Elbelrhiti Elalaoui, Abdelbaki},
  journal={Security and communication networks},
  volume={9},
  number={18},
  pages={5803--5833},
  year={2016},
  publisher={Wiley Online Library}
}

@inproceedings{shin2012software,
  title={Software-defined networking (SDN): A reference architecture and open APIs},
  author={Shin, Myung-Ki and Nam, Ki-Hyuk and Kim, Hyoung-Jun},
  booktitle={2012 International Conference on ICT Convergence (ICTC)},
  pages={360--361},
  year={2012},
  organization={IEEE}
}

@inproceedings{faizian2016traffic,
  title={Traffic pattern-based adaptive routing for intra-group communication in dragonfly networks},
  author={Faizian, Peyman and Rahman, Md Shafayat and Mollah, Md Atiqul and Yuan, Xin and Pakin, Scott and Lang, Mike},
  booktitle={2016 IEEE 24th Annual Symposium on High-Performance Interconnects (HOTI)},
  pages={19--26},
  year={2016},
  organization={IEEE}
}

@article{dobrev2012high,
  title={High-order curvilinear finite element methods for Lagrangian hydrodynamics},
  author={Dobrev, Veselin A and Kolev, Tzanio V and Rieben, Robert N},
  journal={SIAM Journal on Scientific Computing},
  volume={34},
  number={5},
  pages={B606--B641},
  year={2012},
  publisher={SIAM}
}

@misc{forum1994mpi,
  title={MPI: A message-passing interface standard},
  author={Forum, Message P},
  year={1994},
  publisher={University of Tennessee}
}
@inproceedings{eschweiler2011open,
  title={Open Trace Format 2: The Next Generation of Scalable Trace Formats and Support Libraries.},
  author={Eschweiler, Dominic and Wagner, Michael and Geimer, Markus and Kn{\"u}pfer, Andreas and Nagel, Wolfgang E and Wolf, Feli
x},
  booktitle={PARCO},
  volume={22},
  pages={481--490},
  year={2011}
}

@misc{amg,
author = {ECP Proxy},
title = {AMG},
year = {2020},
howpublished = "\url{https://proxyapps.exascaleproject.org/app/amg/}"}


@misc{t500,
author = {T. 500},
title = {Top 500 list},
year = {2022},
howpublished = "\url{https://www.top500.org/}"}

@misc{kripke,
author = {LLNL},
title = {Kripke},
year = {2020},
howpublished = "\url{https://computing.llnl.gov/projects/co-design/kripke}"}

@techreport{sjogreen2018sw4,
  title={SW4 final report for iCOE},
  author={Sjogreen, Bjorn},
  year={2018},
  institution={Lawrence Livermore National Lab.(LLNL), Livermore, CA (United States)}
}

@inproceedings{bhatele2016analyzing,
  title={Analyzing network health and congestion in dragonfly-based supercomputers},
  author={Bhatele, Abhinav and Jain, Nikhil and Livnat, Yarden and Pascucci, Valerio and Bremer, Peer-Timo},
  booktitle={2016 IEEE International Parallel and Distributed Processing Symposium (IPDPS)},
  pages={93--102},
  year={2016},
  organization={IEEE}
}


@inproceedings{bhowmik2021simulation,
  title={A Simulation Study of Hardware Parameters for Future GPU-based HPC Platforms},
  author={Bhowmik, Saptarshi and Jain, Nikhil and Yuan, Xin and Bhatele, Abhinav},
  booktitle={2021 IEEE International Performance, Computing, and Communications Conference (IPCCC)},
  pages={1--10},
  year={2021},
  organization={IEEE}
}

@inproceedings{rahman2019topology,
  title={Topology-custom UGAL routing on dragonfly},
  author={Rahman, Md Shafayat and Bhowmik, Saptarshi and Ryasnianskiy, Yevgeniy and Yuan, Xin and Lang, Michael},
  booktitle={Proceedings of the International Conference for High Performance Computing, Networking, Storage and Analysis},
  pages={1--15},
  year={2019}
}

@inproceedings{alzaid2021multi,
  title={Multi-path routing in the jellyfish network},
  author={ALzaid, Zaid and Bhowmik, Saptarshi and Yuan, Xin},
  booktitle={2021 IEEE International Parallel and Distributed Processing Symposium Workshops (IPDPSW)},
  pages={832--841},
  year={2021},
  organization={IEEE}
}

@inproceedings{faizian2017comparative,
  title={A comparative study of SDN and adaptive routing on dragonfly networks},
  author={Faizian, Peyman and Mollah, Md Atiqul and Tong, Zhou and Yuan, Xin and Lang, Michael},
  booktitle={Proceedings of the International Conference for High Performance Computing, Networking, Storage and Analysis},
  pages={1--11},
  year={2017}
}

@inproceedings{afek2015sampling,
  title={Sampling and large flow detection in SDN},
  author={Afek, Yehuda and Bremler-Barr, Anat and Landau Feibish, Shir and Schiff, Liron},
  booktitle={Proceedings of the 2015 ACM Conference on Special Interest Group on Data Communication},
  pages={345--346},
  year={2015}
}

@inproceedings{suh2014opensample,
  title={Opensample: A low-latency, sampling-based measurement platform for commodity sdn},
  author={Suh, Junho and Kwon, Ted Taekyoung and Dixon, Colin and Felter, Wes and Carter, John},
  booktitle={2014 IEEE 34th International Conference on Distributed Computing Systems},
  pages={228--237},
  year={2014},
  organization={IEEE}
}

@inproceedings{xu2015identifying,
  title={Identifying SDN state inconsistency in OpenStack},
  author={Xu, Yang and Liu, Yong and Singh, Rahul and Tao, Shu},
  booktitle={Proceedings of the 1st ACM SIGCOMM Symposium on Software Defined Networking Research},
  pages={1--7},
  year={2015}
}

@article{yang2020flow,
  title={Flow monitoring scheme design in SDN},
  author={Yang, Ze and Yeung, Kwan L},
  journal={Computer Networks},
  volume={167},
  pages={107007},
  year={2020},
  publisher={Elsevier}
}
